@inproceedings{Valdes:1979:RSP:800135.804393,
 author = {Valdes, Jacobo and Tarjan, Robert E. and Lawler, Eugene L.},
 title = {The Recognition of Series Parallel Digraphs},
 booktitle = {Proceedings of the Eleventh Annual ACM Symposium on Theory of Computing},
 series = {STOC '79},
 year = {1979},
 location = {Atlanta, Georgia, USA},
 pages = {1--12},
 numpages = {12},
 url = {http://doi.acm.org/10.1145/800135.804393},
 doi = {10.1145/800135.804393},
 acmid = {804393},
 publisher = {ACM},
 address = {New York, NY, USA},
}

@article{Finta1996323,
title = "Scheduling UET-UCT series-parallel graphs on two processors ",
journal = "Theoretical Computer Science ",
volume = "162",
number = "2",
pages = "323 - 340",
year = "1996",
note = "",
issn = "0304-3975",
doi = "http://dx.doi.org/10.1016/0304-3975(96)00035-7",
url = "http://www.sciencedirect.com/science/article/pii/0304397596000357",
author = "Lucian Finta and Zhen Liu and Ioannis Mills and Evripidis Bampis"
}

@article{Wang20082684,
title = "Single-machine scheduling with deteriorating jobs under a series–parallel graph constraint",
journal = "Computers \& Operations Research ",
volume = "35",
number = "8",
pages = "2684 - 2693",
year = "2008",
note = "Queues in Practice ",
issn = "0305-0548",
doi = "http://dx.doi.org/10.1016/j.cor.2006.12.026",
url = "http://www.sciencedirect.com/science/article/pii/S0305054806003248",
author = "Ji-Bo Wang and C.T. Ng and T.C.E. Cheng",
keywords = "Scheduling",
keywords = "Single machine",
keywords = "Deteriorating jobs",
keywords = "Series–parallel graph",
keywords = "Makespan",
keywords = "Total weighted completion time "
}

@TECHREPORT{Schoenmakers95anew,
    author = {Berry Schoenmakers},
    title = {A new algorithm for the recognition of series parallel graphs},
    institution = {CWI - Centrum voor Wiskunde en Informatica},
    year = {1995}
}