@inproceedings{Valdes:1979:RSP:800135.804393,
 author = {Valdes, Jacobo and Tarjan, Robert E. and Lawler, Eugene L.},
 title = {The Recognition of Series Parallel Digraphs},
 booktitle = {Proceedings of the Eleventh Annual ACM Symposium on Theory of Computing},
 series = {STOC '79},
 year = {1979},
 location = {Atlanta, Georgia, USA},
 pages = {1--12},
 numpages = {12},
 url = {http://doi.acm.org/10.1145/800135.804393},
 doi = {10.1145/800135.804393},
 acmid = {804393},
 publisher = {ACM},
 address = {New York, NY, USA},
}

@inproceedings{Mitchell:2004:CMV:1082101.1082117,
 author = {Mitchell, Margaret},
 title = {Creating Minimal Vertex Series Parallel Graphs from Directed Acyclic Graphs},
 booktitle = {Proceedings of the 2004 Australasian Symposium on Information Visualisation - Volume 35},
 series = {APVis '04},
 year = {2004},
 isbn = {1-920682-17-1},
 location = {Christchurch, New Zealand},
 pages = {133--139},
 numpages = {7},
 url = {http://dl.acm.org/citation.cfm?id=1082101.1082117},
 acmid = {1082117},
 publisher = {Australian Computer Society, Inc.},
 address = {Darlinghurst, Australia, Australia},
 keywords = {directed acyclic graph, graph decomposition, minimal vertex series parallel, parallelism, preservation of partial order},
} 

@article{Bender200575,
title = "Lowest common ancestors in trees and directed acyclic graphs ",
journal = "Journal of Algorithms ",
volume = "57",
number = "2",
pages = "75 - 94",
year = "2005",
note = "",
issn = "0196-6774",
doi = "http://dx.doi.org/10.1016/j.jalgor.2005.08.001",
url = "http://www.sciencedirect.com/science/article/pii/S0196677405000854",
author = "Michael A. Bender and Martín Farach-Colton and Giridhar Pemmasani and Steven Skiena and Pavel Sumazin",
keywords = "Lowest common ancestor (LCA)",
keywords = "Directed cyclic graph (DAG)",
keywords = "Range minimum query (RMQ)",
keywords = "Shortest path",
keywords = "Cartesian tree ",
}

@TECHREPORT{Schoenmakers95anew,
    author = {Berry Schoenmakers},
    title = {A new algorithm for the recognition of series parallel graphs},
    institution = {CWI - Centrum voor Wiskunde en Informatica},
    year = {1995}
}

@article{l2c,
year={2014},
issn={0010-485X},
journal={Computing},
volume={96},
number={12},
doi={10.1007/s00607-013-0368-3},
title={A low level component model easing performance portability of HPC applications},
url={http://dx.doi.org/10.1007/s00607-013-0368-3},
publisher={Springer Vienna},
keywords={HPC; Component models; Performance portability; Curie supercomputer; Grid’5000; 68N99; 68W10; 68M99},
author={Bigot, Julien and Hou, Zhengxiong and Pérez, Christian and Pichon, Vincent},
pages={1115-1130},
language={English}
}

@techreport{bigot:inria-00388508,
  TITLE = {{Increasing Reuse in Component Models through Genericity}},
  AUTHOR = {Bigot, Julien and P{\'e}rez, Christian},
  URL = {https://hal.inria.fr/inria-00388508},
  TYPE = {Research Report},
  NUMBER = {RR-6941},
  PAGES = {15},
  YEAR = {2009},
  KEYWORDS = {software components ; genericity},
  PDF = {https://hal.inria.fr/inria-00388508/file/RR-6941.pdf},
  HAL_ID = {inria-00388508},
  HAL_VERSION = {v1},
}

@book{Szyperski:2002:CSB:515228,
 author = {Szyperski, Clemens},
 title = {Component Software: Beyond Object-Oriented Programming},
 year = {2002},
 isbn = {0201745720},
 edition = {2nd},
 publisher = {Addison-Wesley Longman Publishing Co., Inc.},
 address = {Boston, MA, USA},
}

@inproceedings{spaaTangCKLL11,
  author = {Tang, Y. and Chowdhury, R.A. and Kuszmaul, B.C. and Luk, C-K and Leiserson, C.E.},
  booktitle = {{SPAA}},
  editor = {Fortnow, Lance and Vadhan, Salil P.},
  ee = {http://doi.acm.org/10.1145/1989493.1989508},
  isbn = {978-1-4503-0743-7},
  keywords = {dblp},
  pages = {117-128},
  publisher = {ACM},
  timestamp = {2011-06-09T00:00:00.000+0200},
  title = {{The pochoir stencil compiler.}},
  url = {http://dblp.uni-trier.de/db/conf/spaa/spaa2011.html#TangCKLL11},
  year = 2011
}