%--------------- MSP/TSP
@inproceedings{Valdes:1979:RSP:800135.804393,
 author = {Valdes, Jacobo and Tarjan, Robert E. and Lawler, Eugene L.},
 title = {The Recognition of Series Parallel Digraphs},
 booktitle = {Proceedings of the Eleventh Annual ACM Symposium on Theory of Computing},
 series = {STOC '79},
 year = {1979},
 location = {Atlanta, Georgia, USA},
 pages = {1--12},
 numpages = {12},
 url = {http://doi.acm.org/10.1145/800135.804393},
 doi = {10.1145/800135.804393},
 acmid = {804393},
 publisher = {ACM},
 address = {New York, NY, USA},
}
@inproceedings{Mitchell:2004:CMV:1082101.1082117,
 author = {Mitchell, Margaret},
 title = {Creating Minimal Vertex Series Parallel Graphs from Directed Acyclic Graphs},
 booktitle = {Proceedings of the 2004 Australasian Symposium on Information Visualisation - Volume 35},
 series = {APVis '04},
 year = {2004},
 isbn = {1-920682-17-1},
 location = {Christchurch, New Zealand},
 pages = {133--139},
 numpages = {7},
 url = {http://dl.acm.org/citation.cfm?id=1082101.1082117},
 acmid = {1082117},
 publisher = {Australian Computer Society, Inc.},
 address = {Darlinghurst, Australia, Australia},
 keywords = {directed acyclic graph, graph decomposition, minimal vertex series parallel, parallelism, preservation of partial order},
} 
@article{Bender200575,
title = "Lowest common ancestors in trees and directed acyclic graphs ",
journal = "Journal of Algorithms ",
volume = "57",
number = "2",
pages = "75 - 94",
year = "2005",
note = "",
issn = "0196-6774",
doi = "http://dx.doi.org/10.1016/j.jalgor.2005.08.001",
url = "http://www.sciencedirect.com/science/article/pii/S0196677405000854",
author = "Michael A. Bender and Martín Farach-Colton and Giridhar Pemmasani and Steven Skiena and Pavel Sumazin",
keywords = "Lowest common ancestor (LCA)",
keywords = "Directed cyclic graph (DAG)",
keywords = "Range minimum query (RMQ)",
keywords = "Shortest path",
keywords = "Cartesian tree ",
}
@TECHREPORT{Schoenmakers95anew,
    author = {Berry Schoenmakers},
    title = {A new algorithm for the recognition of series parallel graphs},
    institution = {CWI - Centrum voor Wiskunde en Informatica},
    year = {1995}
}

%---------------L2C and components
@inproceedings{Lanore:2015:RCM:2737166.2737169,
 author = {Lanore, Vincent and P{\'e}rez, Christian},
 title = {A Reconfigurable Component Model for HPC},
 booktitle = {Proceedings of the 18th International ACM SIGSOFT Symposium on Component-Based Software Engineering},
 series = {CBSE '15},
 year = {2015},
 isbn = {978-1-4503-3471-6},
 location = {Montr\&\#233;al, QC, Canada},
 pages = {1--10},
 numpages = {10},
 url = {http://doi.acm.org/10.1145/2737166.2737169},
 doi = {10.1145/2737166.2737169},
 acmid = {2737169},
 publisher = {ACM},
 address = {New York, NY, USA},
 keywords = {component models, dynamic reconfiguration, formal models, high-performance computing},
}
@article{Baude,
year={2009},
issn={0003-4347},
journal={annals of telecommunications},
volume={64},
number={1-2},
doi={10.1007/s12243-008-0068-8},
title={GCM: a grid extension to Fractal for autonomous distributed components},
url={http://dx.doi.org/10.1007/s12243-008-0068-8},
publisher={Springer-Verlag},
keywords={Distributed components; Autonomous components; Adaptable components; Collective communications; Grid component model},
author={Baude, F. and Caromel, D. and Dalmasso, Cé. and Danelutto, M. and Getov, V. and Henrio, L. and P\'erez, C.},
pages={5-24},
language={English},
}
@InProceedings{UCHPC2015,
  author = 	 {Richard, J. and Lanore, V. and P\'erez, C.},
  title = 	 {Towards Application Variability Handling with Component Models: 3D-FFT Use Case Study},
  OPTcrossref =  {},
  OPTkey = 	 {},
  booktitle =	 {Proc. of The 8th Workshop on UnConventional High
                  Performance Computing (UCHPC)},
  year =	 {2015},
  OPTeditor = 	 {},
  OPTvolume = 	 {},
  OPTnumber = 	 {},
  OPTseries = 	 {},
  OPTpages = 	 {},
  month =	 aug,
  address =	 {Vienna, Austria},
  OPTorganization = {},
  OPTpublisher = {},
  note =	 {To appear},
  OPTannote = 	 {},
}
@techreport{corba:omg06,
  abstract = {The CORBA Component Model Specification},
  added-at = {2007-04-15T04:57:28.000+0200},
  author = {{Object Management Group}},
  biburl = {http://www.bibsonomy.org/bibtex/28da2c472a3b60a7d1d107106d7bfeebc/piveta},
  comment = {The CORBA Component Model Specification},
  description = {Teste},
  institution = {Object Management Group},
  interhash = {95a179e05668043d47a88b82e36a4af9},
  intrahash = {8da2c472a3b60a7d1d107106d7bfeebc},
  keywords = {CORBA ComponentMetamodel Model sosym07},
  month = {April},
  number = {Version 4.0},
  owner = {Eduardo Piveta},
  pdf = {http://www.omg.org/docs/formal/06-04-01.pdf},
  timestamp = {2007-04-15T05:08:22.000+0200},
  title = {CORBA Component Model 4.0 Specification},
  type = {Specification},
  url = {http://www.omg.org/docs/formal/06-04-01.pdf},
  year = 2006
}
@article{Bernholdt01052006,
  title = {A Component Architecture for High-Performance Scientific Computing},
  commented-author = {Allan, B.A. and Armstrong, R. and Bernholdt, D.E. and Bertrand, F. and Chiu, K. and Dahlgren, T.L. and Damevski, K. and Elwasif, W.R. and Epperly, T.G.W. and Govindaraju, M. and Katz, D.S. and Kohl, J.A. and Krishnan, M. and Kumfert, G. and Larson, J.W. and Lefantzi, S. and Lewis, M.J. and Malony, A.D. and McInnes, L.C. and Nieplocha, J. and Norris, B. and Parker, S.G. and Ray, J. and Shende, S. and Windus, T.L. and Zhou, S.},
  author = {B. A. Allan and others},
  publisher = {Sage Publications, Inc.},
  address = {Thousand Oaks, CA, USA},
  pages = {163--202},
  year = 2006,
  journal = {International Journal of High Performance Computing Applications},
  number = 2,
  volume = 20,
  doi = {10.1177/1094342006064488},
URL = {http://hpc.sagepub.com/content/20/2/163.abstract}, 
}
@article{l2c,
year={2014},
issn={0010-485X},
journal={Computing},
volume={96},
number={12},
doi={10.1007/s00607-013-0368-3},
title={A low level component model easing performance portability of HPC applications},
url={http://dx.doi.org/10.1007/s00607-013-0368-3},
publisher={Springer Vienna},
keywords={HPC; Component models; Performance portability; Curie supercomputer; Grid’5000; 68N99; 68W10; 68M99},
author={Bigot, Julien and Hou, Zhengxiong and Pérez, Christian and Pichon, Vincent},
pages={1115-1130},
language={English},
}
@techreport{bigot:inria-00388508,
  TITLE = {{Increasing Reuse in Component Models through Genericity}},
  AUTHOR = {Bigot, Julien and P{\'e}rez, Christian},
  URL = {https://hal.inria.fr/inria-00388508},
  TYPE = {Research Report},
  NUMBER = {RR-6941},
  PAGES = {15},
  YEAR = {2009},
  KEYWORDS = {software components ; genericity},
  PDF = {https://hal.inria.fr/inria-00388508/file/RR-6941.pdf},
  HAL_ID = {inria-00388508},
  HAL_VERSION = {v1},
}
@book{Szyperski:2002:CSB:515228,
 author = {Szyperski, Clemens},
 title = {Component Software: Beyond Object-Oriented Programming},
 year = {2002},
 isbn = {0201745720},
 edition = {2nd},
 publisher = {Addison-Wesley Longman Publishing Co., Inc.},
 address = {Boston, MA, USA},
}

%--------------- Stencils DSL
@inproceedings{spaaTangCKLL11,
  author = {Tang, Y. and Chowdhury, R.A. and Kuszmaul, B.C. and Luk, C-K and Leiserson, C.E.},
  booktitle = {{SPAA}},
  editor = {Fortnow, Lance and Vadhan, Salil P.},
  ee = {http://doi.acm.org/10.1145/1989493.1989508},
  isbn = {978-1-4503-0743-7},
  keywords = {dblp},
  pages = {117-128},
  publisher = {ACM},
  timestamp = {2011-06-09T00:00:00.000+0200},
  title = {{The pochoir stencil compiler.}},
  url = {http://dblp.uni-trier.de/db/conf/spaa/spaa2011.html#TangCKLL11},
  year = 2011
}
@inproceedings{citeulike12258902,
    author = {Christen, M. and Schenk, O. and Burkhart, H.},
    booktitle = {{Parallel \& Distributed Processing Symposium (IPDPS), 2011 IEEE International}},
    doi = {10.1109/ipdps.2011.70},
    institution = {Dept. of Math. \& Comput. Sci., Univ. of Basel, Basel, Switzerland},
    isbn = {978-1-61284-372-8},
    issn = {1530-2075},
    keywords = {auto\_tuner, stencil},
    month = may,
    pages = {676--687},
    posted-at = {2013-04-11 16:24:30},
    priority = {2},
    publisher = {IEEE},
    title = {{PATUS: A Code Generation and Autotuning Framework for Parallel Iterative Stencil Computations on Modern Microarchitectures}},
    url = {http://dx.doi.org/10.1109/ipdps.2011.70},
    year = {2011}
}
@inproceedings{Ragan-Kelley:2013:HLC:2491956.2462176,
 author = {Ragan-Kelley, J. and Barnes, C. and Adams, A. and Paris, S. and Durand, F. and Amarasinghe, S.},
 title = {Halide: A Language and Compiler for Optimizing Parallelism, Locality, and Recomputation in Image Processing Pipelines},
 booktitle = {Proceedings of the 34th ACM SIGPLAN Conference on Programming Language Design and Implementation},
 series = {PLDI '13},
 year = {2013},
 isbn = {978-1-4503-2014-6},
 location = {Seattle, Washington, USA},
 pages = {519--530},
 numpages = {12},
 url = {http://doi.acm.org/10.1145/2491956.2462176},
 doi = {10.1145/2491956.2462176},
 acmid = {2462176},
 publisher = {ACM},
 address = {New York, NY, USA},
 keywords = {autotuning, compiler, domain specific language, gpu, image processing, locality, optimization, parallelism, redundant computation, vectorization},
}
@inproceedings{Camier:2015:IPP:2820083.2820107,
 author = {Camier, Jean-Sylvain},
 title = {Improving Performance Portability and Exascale Software Productivity with the \&Nabla; Numerical Programming Language},
 booktitle = {Proceedings of the 3rd International Conference on Exascale Applications and Software},
 series = {EASC '15},
 year = {2015},
 isbn = {978-0-9926615-1-9},
 location = {Edinburgh, UK},
 pages = {126--131},
 numpages = {6},
 url = {http://dl.acm.org/citation.cfm?id=2820083.2820107},
 acmid = {2820107},
 publisher = {University of Edinburgh},
 address = {Edinburgh, Scotland, UK},
} 
@inproceedings{DeVito:2011:LDS:2063384.2063396,
 author = {DeVito, Zachary and Joubert, Niels and Palacios, Francisco and Oakley, Stephen and Medina, Montserrat and Barrientos, Mike and Elsen, Erich and Ham, Frank and Aiken, Alex and Duraisamy, Karthik and Darve, Eric and Alonso, Juan and Hanrahan, Pat},
 title = {Liszt: A Domain Specific Language for Building Portable Mesh-based PDE Solvers},
 booktitle = {Proceedings of 2011 International Conference for High Performance Computing, Networking, Storage and Analysis},
 series = {SC '11},
 year = {2011},
 isbn = {978-1-4503-0771-0},
 location = {Seattle, Washington},
 pages = {9:1--9:12},
 articleno = {9},
 numpages = {12},
 url = {http://doi.acm.org/10.1145/2063384.2063396},
 doi = {10.1145/2063384.2063396},
 acmid = {2063396},
 publisher = {ACM},
 address = {New York, NY, USA},
 keywords = {compiler analysis and program transformations, programming and runtime environments for high performance and high throughput computing},
}
@inproceedings{Schmitt:2014:EDL:2691166.2691171,
 author = {Schmitt, C. and Kuckuk, S. and Hannig, F. and K\"{o}stler, H. and Teich, J.},
 title = {ExaSlang: A Domain-specific Language for Highly Scalable Multigrid Solvers},
 booktitle = {Proceedings of the Fourth International Workshop on Domain-Specific Languages and High-Level Frameworks for High Performance Computing},
 series = {WOLFHPC '14},
 year = {2014},
 isbn = {978-1-4799-7020-9},
 location = {New Orleans, Louisiana},
 pages = {42--51},
 numpages = {10},
 url = {http://dx.doi.org/10.1109/WOLFHPC.2014.11},
 doi = {10.1109/WOLFHPC.2014.11},
 acmid = {2691171},
 publisher = {IEEE Press},
 address = {Piscataway, NJ, USA},
}

%--------------- Composition DSL
@inproceedings{Sujeeth:2013:CRC:2524984.2524988,
 author = {Sujeeth, Arvind K. and Rompf, Tiark and Brown, Kevin J. and Lee, HyoukJoong and Chafi, Hassan and Popic, Victoria and Wu, Michael and Prokopec, Aleksandar and Jovanovic, Vojin and Odersky, Martin and Olukotun, Kunle},
 title = {Composition and Reuse with Compiled Domain-specific Languages},
 booktitle = {Proceedings of the 27th European Conference on Object-Oriented Programming},
 series = {ECOOP'13},
 year = {2013},
 isbn = {978-3-642-39037-1},
 location = {Montpellier, France},
 pages = {52--78},
 numpages = {27},
 url = {http://dx.doi.org/10.1007/978-3-642-39038-8_3},
 doi = {10.1007/978-3-642-39038-8_3},
 acmid = {2524988},
 publisher = {Springer-Verlag},
 address = {Berlin, Heidelberg},
}

%--------------- Navier-Stokes
@ARTICLE{Ferrari2004,
  author = {Ferrari, S. and Saleri, F.},
  title = {A new two-dimensional shallow water model including pressure effects
  and slow varying bottom topography},
  journal = {M2AN Math. Model. Numer. Anal.},
  year = {2004},
  volume = {38},
  pages = {211-234},
  number = {2},
  owner = {le},
  timestamp = {2012.01.17}
}
%-------------- SkelGIS
@article{CPE:CPE3494,
  TITLE = {{The SIPSim implicit parallelism model and the SkelGIS library}},
  AUTHOR = {Coullon, H. and Limet, S.},
  URL = {https://hal.archives-ouvertes.fr/hal-01149418},
  JOURNAL = {{Concurrency and Computation: Practice and Experience}},
  PUBLISHER = {{John Wiley and Sons}},
  issn = {1532-0634},
  url = {http://dx.doi.org/10.1002/cpe.3494},
  doi = {10.1002/cpe.3494},
  YEAR = {2015},
  DOI = {10.1002/cpe.3494},
  KEYWORDS = {mplicit parallelism ;  parallel library ;  SkelGIS ;  MPI ;  scientific simulations ;  Cartesian mesh ;  network ;  shallow water equations ;  heat equation ;  arterial blood flow simulation}
}
@inproceedings{DBLP:conf/europar/CoullonL14,
  author    = {H{\'{e}}l{\`{e}}ne Coullon and
               S{\'{e}}bastien Limet},
  title     = {Implementation and Performance Analysis of SkelGIS for Network Mesh-Based
               Simulations},
  booktitle = {Euro-Par 2014 Parallel Processing - 20th International Conference,
               Porto, Portugal, August 25-29, 2014. Proceedings},
  pages     = {439--450},
  year      = {2014},
  url       = {http://dx.doi.org/10.1007/978-3-319-09873-9_37},
  doi       = {10.1007/978-3-319-09873-9_37},
}
@inproceedings{DBLP:conf/ieeehpcs/HeleneS13,
  author    = {H{\'{e}}l{\`{e}}ne Coullon and
               S{\'{e}}bastien Limet},
  title     = {Algorithmic skeleton library for scientific simulations: SkelGIS},
  booktitle = {International Conference on High Performance Computing {\&} Simulation,
               {HPCS} 2013, Helsinki, Finland, July 1-5, 2013},
  pages     = {429--436},
  year      = {2013},
  url       = {http://dx.doi.org/10.1109/HPCSim.2013.6641450},
  doi       = {10.1109/HPCSim.2013.6641450},
}
@inproceedings{cordier2013fullswof,
  title={FullSWOF Paral: Comparison of two parallelization strategies (MPI and SKELGIS) on a software designed for hydrology applications},
  author={Cordier, St{\'e}phane and Coullon, H{\'e}lene and Delestre, Olivier and Laguerre, Christian and Le, Minh Hoang and Pierre, Daniel and Sadaka, Georges},
  booktitle={ESAIM: Proceedings},
  volume={43},
  pages={59--79},
  year={2013},
  organization={EDP Sciences}
}
@inproceedings{coullon:hal-00832660,
  TITLE = {{Parallelization of Shallow-Water Equations with the Algorithmic Skeleton Library SkelGIS}},
  AUTHOR = {Coullon, H{\'e}l{\`e}ne and Limet, S{\'e}bastien and Le Minh, Hoang},
  URL = {https://hal.archives-ouvertes.fr/hal-00832660},
  BOOKTITLE = {{ICCS}},
  ADDRESS = {Barcelone, Spain},
  EDITOR = {Elsevier},
  PUBLISHER = {{Elsevier}},
  SERIES = {Procedia Computer Science},
  VOLUME = {18},
  PAGES = {591-600},
  YEAR = {2013},
  MONTH = Jun,
  DOI = {10.1016/j.procs.2013.05.223},
  KEYWORDS = {Parallelism ; Numerical Simulation ; Algorithmic Skeletons ; Fluid Dynamics},
}

%-------------------- MPI and OpenMP, OpenCL
@inproceedings{Graham2009MSE,
 author = {Graham, R.L.},
 title = {{The MPI 2.2 Standard and the Emerging MPI 3 Standard}},
 booktitle = {Proceedings of the 16th European PVM/MPI Users' Group Meeting on Recent Advances in Parallel Virtual Machine and Message Passing Interface},
 year = {2009},
 isbn = {978-3-642-03769-6},
 location = {Espoo, Finland},
 pages = {2--2},
 numpages = {1},
 url = {http://dx.doi.org/10.1007/978-3-642-03770-2_2},
 doi = {10.1007/978-3-642-03770-2_2},
 acmid = {1612211},
 publisher = {Springer-Verlag},
 address = {Berlin, Heidelberg},
}
@ARTICLE{660313, 
author={Dagum, L. and Menon, R.}, 
journal={Computational Science Engineering, IEEE}, 
title={OpenMP: an industry standard API for shared-memory programming}, 
year={1998}, 
month={Jan}, 
volume={5}, 
number={1}, 
pages={46-55}, 
keywords={application program interfaces;parallel programming;shared memory systems;software portability;software reviews;software standards;Fortran;Fortran 90;Fortran 95;Fortran compiler;OpenMP;X3H5 concepts;allocatables;callable runtime library;callable runtime library routines;coarse grain parallelism;compiler directives;environment variables;industry standard API;pointers;shared memory parallelism;shared memory programming;ANSI standards;Coherence;Computer architecture;Hardware;Message passing;Parallel processing;Parallel programming;Power system modeling;Scalability;Software systems}, 
doi={10.1109/99.660313}, 
ISSN={1070-9924},
}
@article{Stone:2010:OPP:622179.1803953,
 author = {Stone, John E. and Gohara, David and Shi, Guochun},
 title = {OpenCL: A Parallel Programming Standard for Heterogeneous Computing Systems},
 journal = {IEEE Des. Test},
 issue_date = {May 2010},
 volume = {12},
 number = {3},
 month = may,
 year = {2010},
 issn = {0740-7475},
 pages = {66--73},
 numpages = {8},
 url = {http://dx.doi.org/10.1109/MCSE.2010.69},
 doi = {10.1109/MCSE.2010.69},
 acmid = {1803953},
 publisher = {IEEE Computer Society Press},
 address = {Los Alamitos, CA, USA},
} 

%--------------------- StarPU and XKaapi
%XKaapi
@inproceedings{Gautier:2013:XRS:2510661.2511383,
 author = {Gautier, T. and Lima, J.V.F. and Maillard, N. and Raffin, B.},
 title = {XKaapi: A Runtime System for Data-Flow Task Programming on Heterogeneous Architectures},
 booktitle = {Proceedings of the 2013 IEEE 27th International Symposium on Parallel and Distributed Processing},
 series = {IPDPS '13},
 year = {2013},
 isbn = {978-0-7695-4971-2},
 pages = {1299--1308},
 numpages = {10},
 url = {http://dx.doi.org/10.1109/IPDPS.2013.66},
 doi = {10.1109/IPDPS.2013.66},
 acmid = {2511383},
 publisher = {IEEE Computer Society},
 address = {Washington, DC, USA},
 keywords = {High Performance Computing, Data-Flow task model, Heterogeneous architectures, Locality Aware Work Stealing, Dense Linear Algebra},
} 
% starPU
@article{Augonnet2011,
    title = {{StarPU: a unified platform for task scheduling on heterogeneous multicore architectures}},
    author = {Augonnet, C. and Thibault, S. and Namyst, R. and Wacrenier, P-A.},
    journal = {{Concurrency and Computation: Practice and Experience}},
    volume = {23},
    number = {2},
    pages = {187--198},
    year = {2011}
}
@inproceedings{wu:hal-01078359,
  TITLE = {{Hierarchical DAG Scheduling for Hybrid Distributed Systems}},
  AUTHOR = {Wu, Wei and Bouteiller, Aurelien and Bosilca, George and Faverge, Mathieu and Dongarra, Jack},
  URL = {https://hal.inria.fr/hal-01078359},
  BOOKTITLE = {{29th IEEE International Parallel \& Distributed Processing Symposium}},
  ADDRESS = {Hyderabad, India},
  YEAR = {2015},
  MONTH = May,
  KEYWORDS = {PaRSEC runtime ; GPU ; dense linear algebra ; heterogeneous architecture},
  PDF = {https://hal.inria.fr/hal-01078359/file/recursive.pdf},
  HAL_ID = {hal-01078359},
  HAL_VERSION = {v1},
}


%-------------------- PamPA
@inproceedings{lachat:hal-00768916,
  TITLE = {{PaMPA: Parallel Mesh Partitioning and Adaptation}},
  AUTHOR = {Lachat, C{\'e}dric and Pellegrini, Fran{\c c}ois and Dobrzynski, C{\'e}cile},
  URL = {https://hal.inria.fr/hal-00768916},
  BOOKTITLE = {{21st International Conference on Domain Decomposition Methods (DD21)}},
  ADDRESS = {Rennes, France},
  ORGANIZATION = {{INRIA Rennes-Bretagne-Atlantique}},
  YEAR = {2012},
  MONTH = Jun,
  KEYWORDS = {Parallel computing ; Data structures ; Unstructured mesh ; Remeshing},
  HAL_ID = {hal-00768916},
  HAL_VERSION = {v1},
}

%-------------------- ETP4HPC
@TECHREPORT{ETP4HPC2013,
  AUTHOR      = {ETP4HPC},
  FILE        = {http://bib.unthinkingdepths.fr/seb/pdf/ETP4HPC_2013_ETP4HPC Strategic Research Agenda Achieving HPC leadership in Europe.pdf},
  INSTITUTION = {ETP4HPC},
  PAGES       = {92},
  PUBLISHER   = {ETP4HPC},
  TITLE       = {{ETP4HPC Strategic Research Agenda Achieving HPC leadership in Europe}},
  YEAR        = {2013},
}

%--------------------- Partitionning
@inproceedings{Pellegrini:1996:SSP:645560.658570,
 author = {Pellegrini, Fran\c{c}ois and Roman, Jean},
 title = {SCOTCH: A Software Package for Static Mapping by Dual Recursive Bipartitioning of Process and Architecture Graphs},
 booktitle = {Proceedings of the International Conference and Exhibition on High-Performance Computing and Networking},
 series = {HPCN Europe 1996},
 year = {1996},
 isbn = {3-540-61142-8},
 pages = {493--498},
 numpages = {6},
 url = {http://dl.acm.org/citation.cfm?id=645560.658570},
 acmid = {658570},
 publisher = {Springer-Verlag},
 address = {London, UK, UK},
}

%----------------------- Dataflow
@inproceedings{bauer:legion:sc:2012,
    author = {Bauer, Michael and Treichler, Sean and Slaughter, Elliott and Aiken, Alex},
    title = {Legion: Expressing Locality and Independence with Logical Regions},
    booktitle = {International Conf. on High Performance Computing, Networking, Storage and Analysis},
    year = 2012,

    publisher = {IEEE},
    @series = {SC'12},
    @pages = {66:1--66:11},
    @articleno = {66},
    @numpages = {11},
    @address = {Los Alamitos, CA, USA},
}