%----------------------------------
% STENCILS COMPILERS
%----------------------------------
@inproceedings{Ragan-Kelley:2013:HLC:2491956.2462176,
 author = {Ragan-Kelley, J. and Barnes, C. and Adams, A. and Paris, S. and Durand, F. and Amarasinghe, S.},
 title = {Halide: A Language and Compiler for Optimizing Parallelism, Locality, and Recomputation in Image Processing Pipelines},
 booktitle = {Proceedings of the 34th ACM SIGPLAN Conference on Programming Language Design and Implementation},
 series = {PLDI '13},
 year = {2013},
 isbn = {978-1-4503-2014-6},
 location = {Seattle, Washington, USA},
 pages = {519--530},
 numpages = {12},
 url = {http://doi.acm.org/10.1145/2491956.2462176},
 doi = {10.1145/2491956.2462176},
 acmid = {2462176},
 publisher = {ACM},
 address = {New York, NY, USA},
 keywords = {autotuning, compiler, domain specific language, gpu, image processing, locality, optimization, parallelism, redundant computation, vectorization},
}

@inproceedings{spaaTangCKLL11,
  author = {Tang, Y. and Chowdhury, R.A. and Kuszmaul, B.C. and Luk, C-K and Leiserson, C.E.},
  booktitle = {{SPAA}},
  editor = {Fortnow, Lance and Vadhan, Salil P.},
  ee = {http://doi.acm.org/10.1145/1989493.1989508},
  isbn = {978-1-4503-0743-7},
  keywords = {dblp},
  pages = {117-128},
  publisher = {ACM},
  timestamp = {2011-06-09T00:00:00.000+0200},
  title = {{The pochoir stencil compiler.}},
  url = {http://dblp.uni-trier.de/db/conf/spaa/spaa2011.html#TangCKLL11},
  year = 2011
}
@inproceedings{citeulike12258902,
    author = {Christen, M. and Schenk, O. and Burkhart, H.},
    booktitle = {{Parallel \& Distributed Processing Symposium (IPDPS), 2011 IEEE International}},
    doi = {10.1109/ipdps.2011.70},
    institution = {Dept. of Math. \& Comput. Sci., Univ. of Basel, Basel, Switzerland},
    isbn = {978-1-61284-372-8},
    issn = {1530-2075},
    keywords = {auto\_tuner, stencil},
    month = may,
    pages = {676--687},
    posted-at = {2013-04-11 16:24:30},
    priority = {2},
    publisher = {IEEE},
    title = {{PATUS: A Code Generation and Autotuning Framework for Parallel Iterative Stencil Computations on Modern Microarchitectures}},
    url = {http://dx.doi.org/10.1109/ipdps.2011.70},
    year = {2011}
}
@article{Giles2011,
 author = {Giles, M. B. and Mudalige, G. R. and Sharif, Z. and Markall, G. and Kelly, P. H.J.},
 title = {{Performance Analysis of the OP2 Framework on Many-core Architectures}},
 journal = {SIGMETRICS Perform. Eval. Rev.},
 issue_date = {March 2011},
 volume = {38},
 number = {4},
 month = mar,
 year = {2011},
 issn = {0163-5999},
 pages = {9--15},
 numpages = {7},
 url = {http://doi.acm.org/10.1145/1964218.1964221},
 doi = {10.1145/1964218.1964221},
 acmid = {1964221},
 publisher = {ACM},
 address = {New York, NY, USA},
 keywords = {CFD, CUDA, GPU, OP2, OpenMP, performance, unstructured mesh applications},
}
@inproceedings{DeVito2011LDS,
 author = {DeVito, Z. and Joubert, N. and Palacios, F. and Oakley, S. and Medina, M. and Barrientos, M. and Elsen, E. and Ham, F. and Aiken, A. and Duraisamy, K. and Darve, E. and Alonso, J. and Hanrahan, P.},
 series = {SC '11},
 year = {2011},
 isbn = {978-1-4503-0771-0},
 location = {Seattle, Washington},
 pages = {9:1--9:12},
 articleno = {9},
 numpages = {12},
 url = {http://doi.acm.org/10.1145/2063384.2063396},
 doi = {10.1145/2063384.2063396},
 acmid = {2063396},
 publisher = {ACM},
 address = {New York, NY, USA},
 keywords = {compiler analysis and program transformations, programming and runtime environments for high performance and high throughput computing},
}

@inproceedings{Schmitt:2014:EDL:2691166.2691171,
 author = {Schmitt, C. and Kuckuk, S. and Hannig, F. and K\"{o}stler, H. and Teich, J.},
 title = {ExaSlang: A Domain-specific Language for Highly Scalable Multigrid Solvers},
 booktitle = {Proceedings of the Fourth International Workshop on Domain-Specific Languages and High-Level Frameworks for High Performance Computing},
 series = {WOLFHPC '14},
 year = {2014},
 isbn = {978-1-4799-7020-9},
 location = {New Orleans, Louisiana},
 pages = {42--51},
 numpages = {10},
 url = {http://dx.doi.org/10.1109/WOLFHPC.2014.11},
 doi = {10.1109/WOLFHPC.2014.11},
 acmid = {2691171},
 publisher = {IEEE Press},
 address = {Piscataway, NJ, USA},
} 
@inproceedings{Reguly:2014:ODS:2691166.2691173,
 author = {Reguly, I.Z. and Mudalige, G.R. and Giles, M.B. and Curran, D. and McIntosh-Smith, S.},
 title = {The OPS Domain Specific Abstraction for Multi-block Structured Grid Computations},
 booktitle = {Proceedings of the Fourth International Workshop on Domain-Specific Languages and High-Level Frameworks for High Performance Computing},
 series = {WOLFHPC '14},
 year = {2014},
 isbn = {978-1-4799-7020-9},
 location = {New Orleans, Louisiana},
 pages = {58--67},
 numpages = {10},
 url = {http://dx.doi.org/10.1109/WOLFHPC.2014.7},
 doi = {10.1109/WOLFHPC.2014.7},
 acmid = {2691173},
 publisher = {IEEE Press},
 address = {Piscataway, NJ, USA},
 keywords = {domain specific languages, high performance computing, software design, structured grid},
} 
%----------------------------------

%----------------------------------
% PARALLEL LANGUAGES
%----------------------------------
@ARTICLE{660313, 
author={Dagum, L. and Menon, R.}, 
journal={Computational Science Engineering, IEEE}, 
title={OpenMP: an industry standard API for shared-memory programming}, 
year={1998}, 
month={Jan}, 
volume={5}, 
number={1}, 
pages={46-55}, 
keywords={application program interfaces;parallel programming;shared memory systems;software portability;software reviews;software standards;Fortran;Fortran 90;Fortran 95;Fortran compiler;OpenMP;X3H5 concepts;allocatables;callable runtime library;callable runtime library routines;coarse grain parallelism;compiler directives;environment variables;industry standard API;pointers;shared memory parallelism;shared memory programming;ANSI standards;Coherence;Computer architecture;Hardware;Message passing;Parallel processing;Parallel programming;Power system modeling;Scalability;Software systems}, 
doi={10.1109/99.660313}, 
ISSN={1070-9924},}

@inproceedings{El-Ghazawi:2006:UUP:1188455.1188483,
 author = {El-Ghazawi, T. and Smith, L.},
 title = {UPC: Unified Parallel C},
 booktitle = {Proceedings of the 2006 ACM/IEEE Conference on Supercomputing},
 series = {SC '06},
 year = {2006},
 isbn = {0-7695-2700-0},
 location = {Tampa, Florida},
 articleno = {27},
 url = {http://doi.acm.org/10.1145/1188455.1188483},
 doi = {10.1145/1188455.1188483},
 acmid = {1188483},
 publisher = {ACM},
 address = {New York, NY, USA},
} 

@ARTICLE{219857, 
author={Loveman, D.B.}, 
journal={Parallel Distributed Technology: Systems Applications, IEEE}, 
title={High performance Fortran}, 
year={1993}, 
month={Feb}, 
volume={1}, 
number={1}, 
pages={25-42}, 
keywords={FORTRAN;parallel machines;Fortran-77;Fortran-90;High Performance Fortran Forum;MIMD;SIMD;computationally intensive applications;computer vendors;government laboratories;massively parallel single-instruction multiple-data;multiple-instruction multiple-data;parallel machines;programming model;vector processors;ANSI standards;Application software;Computer applications;Computer languages;Concurrent computing;Government;High performance computing;Linear programming;Standards publication;Usability}, 
doi={10.1109/88.219857}, 
ISSN={1063-6552},}
%----------------------------------

%MPI
@inproceedings{Graham2009MSE,
 author = {Graham, R.L.},
 title = {{The MPI 2.2 Standard and the Emerging MPI 3 Standard}},
 booktitle = {Proceedings of the 16th European PVM/MPI Users' Group Meeting on Recent Advances in Parallel Virtual Machine and Message Passing Interface},
 year = {2009},
 isbn = {978-3-642-03769-6},
 location = {Espoo, Finland},
 pages = {2--2},
 numpages = {1},
 url = {http://dx.doi.org/10.1007/978-3-642-03770-2_2},
 doi = {10.1007/978-3-642-03770-2_2},
 acmid = {1612211},
 publisher = {Springer-Verlag},
 address = {Berlin, Heidelberg},
}

%----------------------------------
% SERIES-PARALLEL
%----------------------------------
@inproceedings{Valdes:1979:RSP:800135.804393,
 author = {Valdes, J. and Tarjan, R.E. and Lawler, E.L.},
 title = {The Recognition of Series Parallel Digraphs},
 booktitle = {Proceedings of the Eleventh Annual ACM Symposium on Theory of Computing},
 series = {STOC '79},
 year = {1979},
 location = {Atlanta, Georgia, USA},
 pages = {1--12},
 numpages = {12},
 url = {http://doi.acm.org/10.1145/800135.804393},
 doi = {10.1145/800135.804393},
 acmid = {804393},
 publisher = {ACM},
 address = {New York, NY, USA},
}

@TECHREPORT{Schoenmakers95anew,
    author = {Berry Schoenmakers},
    title = {A new algorithm for the recognition of series parallel graphs},
    institution = {CWI - Centrum voor Wiskunde en Informatica},
    year = {1995}
}

@inproceedings{Mitchell:2004:CMV:1082101.1082117,
 author = {Mitchell, Margaret},
 title = {Creating Minimal Vertex Series Parallel Graphs from Directed Acyclic Graphs},
 booktitle = {Proc. of the 2004 Australasian Symposium on Information Visualisation},
 series = {APVis '04},
 year = {2004},
 volume = {35},
 isbn = {1-920682-17-1},
 location = {Christchurch, New Zealand},
 pages = {133--139},
 numpages = {7},
 url = {http://dl.acm.org/citation.cfm?id=1082101.1082117},
 acmid = {1082117},
 publisher = {Australian Computer Society, Inc.},
 address = {Darlinghurst, Australia},
 keywords = {directed acyclic graph, graph decomposition, minimal vertex series parallel, parallelism, preservation of partial order},
} 

% PEELSHCHED ?
%----------------------------------

%----------------------------------
% COMPONENT MODELS
%----------------------------------
@article{l2c,
year={2014},
issn={0010-485X},
journal={Computing},
volume={96},
number={12},
doi={10.1007/s00607-013-0368-3},
title={A low level component model easing performance portability of HPC applications},
url={http://dx.doi.org/10.1007/s00607-013-0368-3},
publisher={Springer Vienna},
keywords={HPC; Component models; Performance portability; Curie supercomputer; Grid’5000; 68N99; 68W10; 68M99},
author={Bigot, J. and Hou, Z. and P\'erez, C. and Pichon, V.},
pages={1115-1130},
language={English}
}

@incollection{bigot:inria-00388508,
year={2009},
isbn={978-3-642-04210-2},
booktitle={Formal Foundations of Reuse and Domain Engineering},
volume={5791},
series={Lecture Notes in Computer Science},
editor={Edwards, S.H. and Kulczycki, G.},
doi={10.1007/978-3-642-04211-9_3},
title={Increasing Reuse in Component Models through Genericity},
url={http://dx.doi.org/10.1007/978-3-642-04211-9_3},
publisher={Springer Berlin Heidelberg},
author={Bigot, Julien and P\'erez, Christian},
pages={21-30},
language={English}
}

@book{Szyperski:2002:CSB:515228,
 author = {Szyperski, Clemens},
 title = {Component Software: Beyond Object-Oriented Programming},
 year = {2002},
 isbn = {0201745720},
 edition = {2nd},
 publisher = {Addison-Wesley Longman Publishing Co., Inc.},
 address = {Boston, MA, USA},
}

@techreport{corba:omg06,
  abstract = {The CORBA Component Model Specification},
  added-at = {2007-04-15T04:57:28.000+0200},
  author = {{Object Management Group}},
  biburl = {http://www.bibsonomy.org/bibtex/28da2c472a3b60a7d1d107106d7bfeebc/piveta},
  comment = {The CORBA Component Model Specification},
  description = {Teste},
  institution = {Object Management Group},
  interhash = {95a179e05668043d47a88b82e36a4af9},
  intrahash = {8da2c472a3b60a7d1d107106d7bfeebc},
  keywords = {CORBA ComponentMetamodel Model sosym07},
  month = {April},
  number = {Version 4.0},
  owner = {Eduardo Piveta},
  pdf = {http://www.omg.org/docs/formal/06-04-01.pdf},
  timestamp = {2007-04-15T05:08:22.000+0200},
  title = {CORBA Component Model 4.0 Specification},
  type = {Specification},
  url = {http://www.omg.org/docs/formal/06-04-01.pdf},
  year = 2006
}

@article{Baude,
year={2009},
issn={0003-4347},
journal={annals of telecommunications},
volume={64},
number={1-2},
doi={10.1007/s12243-008-0068-8},
title={GCM: a grid extension to Fractal for autonomous distributed components},
url={http://dx.doi.org/10.1007/s12243-008-0068-8},
publisher={Springer-Verlag},
keywords={Distributed components; Autonomous components; Adaptable components; Collective communications; Grid component model},
author={Baude, F. and Caromel, D. and Dalmasso, Cé. and Danelutto, M. and Getov, V. and Henrio, L. and P\'erez, C.},
pages={5-24},
language={English}
}

@article{Bernholdt01052006,
  title = {A Component Architecture for High-Performance Scientific Computing},
  commented-author = {Allan, B.A. and Armstrong, R. and Bernholdt, D.E. and Bertrand, F. and Chiu, K. and Dahlgren, T.L. and Damevski, K. and Elwasif, W.R. and Epperly, T.G.W. and Govindaraju, M. and Katz, D.S. and Kohl, J.A. and Krishnan, M. and Kumfert, G. and Larson, J.W. and Lefantzi, S. and Lewis, M.J. and Malony, A.D. and McInnes, L.C. and Nieplocha, J. and Norris, B. and Parker, S.G. and Ray, J. and Shende, S. and Windus, T.L. and Zhou, S.},
  author = {B. A. Allan and others},
  publisher = {Sage Publications, Inc.},
  address = {Thousand Oaks, CA, USA},
  pages = {163--202},
  year = 2006,
  journal = {International Journal of High Performance Computing Applications},
  number = 2,
  volume = 20,
  doi = {10.1177/1094342006064488},
URL = {http://hpc.sagepub.com/content/20/2/163.abstract}, 
}

@proceedings{DBLP:confeuropar2008,
  editor    = {Emilio Luque and
               Tom{\`{a}}s Margalef and
               Domingo Benitez},
  title     = {Euro-Par 2008 - Parallel Processing, 14th International Euro-Par Conference,
               Las Palmas de Gran Canaria, Spain, August 26-29, 2008, Proceedings},
  series    = {Lecture Notes in Computer Science},
  volume    = {5168},
  publisher = {Springer},
  year      = {2008},
  isbn      = {978-3-540-85450-0},
  timestamp = {Mon, 25 Aug 2008 11:09:58 +0200},
  biburl    = {http://dblp.uni-trier.de/rec/bib/conf/europar/2008},
  bibsource = {dblp computer science bibliography, http://dblp.org}
}
@INPROCEEDINGS{He12component-baseddesign,
    author = {He, N. and Kroening, D. and Wahl, T. and Lau, K-K. and Taweel, F. and Tran, C.M. and Sharma, S.S.},
    title = {Component-based design and verification in X-MAN},
    booktitle = {In Proc. of Embedded Realtime Soft. and Syst},
    year = {2012}
}
%----------------------------------

%----------------------------------
% SKELGIS
%----------------------------------
@article{CPE:CPE3494,
  TITLE = {{The SIPSim implicit parallelism model and the SkelGIS library}},
  AUTHOR = {Coullon, H. and Limet, S.},
  URL = {https://hal.archives-ouvertes.fr/hal-01149418},
  JOURNAL = {{Concurrency and Computation: Practice and Experience}},
  PUBLISHER = {{John Wiley and Sons}},
  issn = {1532-0634},
  url = {http://dx.doi.org/10.1002/cpe.3494},
  doi = {10.1002/cpe.3494},
  YEAR = {2015},
  DOI = {10.1002/cpe.3494},
  KEYWORDS = {mplicit parallelism ;  parallel library ;  SkelGIS ;  MPI ;  scientific simulations ;  Cartesian mesh ;  network ;  shallow water equations ;  heat equation ;  arterial blood flow simulation}
}

%Global Arrays
@article{Nieplocha:2006:AAP:1125980.1125985,
 author = {Nieplocha, J. and Palmer, B. and Tipparaju, V. and Krishnan, M. and Trease, H. and Apr\`{a}, E.},
 title = {Advances, Applications and Performance of the Global Arrays Shared Memory Programming Toolkit},
 journal = {Int. J. High Perform. Comput. Appl.},
 issue_date = {May       2006},
 volume = {20},
 number = {2},
 month = may,
 year = {2006},
 issn = {1094-3420},
 pages = {203--231},
 numpages = {29},
 url = {http://dx.doi.org/10.1177/1094342006064503},
 doi = {10.1177/1094342006064503},
 acmid = {1125985},
 publisher = {Sage Publications, Inc.},
 address = {Thousand Oaks, CA, USA},
 keywords = {Data Abstraction, Data Distribution, Global Address Space, Global Arrays, Parallel Programming, Shared Memory},
} 

%PETSc
@InProceedings{petsc-efficient,
            Author = {Balay, S. and Gropp, W.D. and McInnes, L.C. and Smith, B.F.},
            Title = {{Efficient Management of Parallelism in Object Oriented Numerical Software Libraries}},
            Booktitle = {{Modern Software Tools in Scientific Computing}},
            Editor = "E. Arge and A. M. Bruaset and H. P. Langtangen",
            Pages = "163--202",
            Publisher = "Birkh{\"{a}}user Press",
            Year = "1997"
}
%trilinos
@techreport{Trilinos-Overview,
title = {{An Overview of Trilinos}},
author = "Michael Heroux and Al ",
institution = "Sandia National Lab.",
number = "SAND2003-2927",
year = 2003}

% DSL for DSL
@inproceedings{Fernandez:2014:DFL:2691166.2691168,
 author = {Fern\'{a}ndez, A. and Beltran, V. and Mateo, S. and Patejko, T. and Ayguad{\'e}, E.},
 title = {A Data Flow Language to Develop High Performance Computing DSLs},
 booktitle = {Proceedings of the Fourth International Workshop on Domain-Specific Languages and High-Level Frameworks for High Performance Computing},
 series = {WOLFHPC '14},
 year = {2014},
 isbn = {978-1-4799-7020-9},
 location = {New Orleans, Louisiana},
 pages = {11--20},
 numpages = {10},
 url = {http://dx.doi.org/10.1109/WOLFHPC.2014.6},
 doi = {10.1109/WOLFHPC.2014.6},
 acmid = {2691168},
 publisher = {IEEE Press},
 address = {Piscataway, NJ, USA},
 keywords = {DFL, DSL, HPC, LMS, MPI, OmpSs, scala},
}

%XKaapi
@inproceedings{Gautier:2013:XRS:2510661.2511383,
 author = {Gautier, T. and Lima, J.V.F. and Maillard, N. and Raffin, B.},
 title = {XKaapi: A Runtime System for Data-Flow Task Programming on Heterogeneous Architectures},
 booktitle = {Proceedings of the 2013 IEEE 27th International Symposium on Parallel and Distributed Processing},
 series = {IPDPS '13},
 year = {2013},
 isbn = {978-0-7695-4971-2},
 pages = {1299--1308},
 numpages = {10},
 url = {http://dx.doi.org/10.1109/IPDPS.2013.66},
 doi = {10.1109/IPDPS.2013.66},
 acmid = {2511383},
 publisher = {IEEE Computer Society},
 address = {Washington, DC, USA},
 keywords = {High Performance Computing, Data-Flow task model, Heterogeneous architectures, Locality Aware Work Stealing, Dense Linear Algebra},
} 
% starPU
@article{Augonnet2011,
    title = {{StarPU: a unified platform for task scheduling on heterogeneous multicore architectures}},
    author = {Augonnet, C. and Thibault, S. and Namyst, R. and Wacrenier, P-A.},
    journal = {{Concurrency and Computation: Practice and Experience}},
    volume = {23},
    number = {2},
    pages = {187--198},
    year = {2011}
}
% navier-stokes
@ARTICLE{Ferrari2004,
  author = {Ferrari, S. and Saleri, F.},
  title = {A new two-dimensional shallow water model including pressure effects
  and slow varying bottom topography},
  journal = {M2AN Math. Model. Numer. Anal.},
  year = {2004},
  volume = {38},
  pages = {211-234},
  number = {2},
  owner = {le},
  timestamp = {2012.01.17}
}

@InProceedings{UCHPC2015,
  author = 	 {Richard, J. and Lanore, V. and P\'erez, C.},
  title = 	 {Towards Application Variability Handling with Component Models: 3D-FFT Use Case Study},
  OPTcrossref =  {},
  OPTkey = 	 {},
  booktitle =	 {Proc. of The 8th Workshop on UnConventional High
                  Performance Computing (UCHPC)},
  year =	 {2015},
  OPTeditor = 	 {},
  OPTvolume = 	 {},
  OPTnumber = 	 {},
  OPTseries = 	 {},
  OPTpages = 	 {},
  month =	 aug,
  address =	 {Vienna, Austria},
  OPTorganization = {},
  OPTpublisher = {},
  note =	 {To appear},
  OPTannote = 	 {}
}
